@misc{tacacasrfc,
    title     = {TACACS+ RFC},
    url       = {https://tools.ietf.org/html/draft-grant-tacacs-02},
    urldate   ={2016-12-12},
    originalyear ={Original Date: 2013}
}

@misc{tacotaco,
    title     = {GreenDog's blog attack on TACACS+ protocol},
    url       ={http://agrrrdog.blogspot.com/2015/11/3-attacks-on-cisco-tacacs-bypassing.html},
    urldate   ={2016-12-12},
    originalyear ={Original Date: March 2012}
}

@misc{arpspoof,
    title     = {ARP spoof / poisoning explanation},
    url       = {https://www.veracode.com/security/arp-spoofing},
    urldate   ={2016-12-12},
    originalyear ={Original Date: December 2016}
}

@misc{igmp,
    title     = {igmp},
    url       = {http://searchnetworking.techtarget.com/definition/Internet-Group-Management-Protocol},
    urldate   ={2016-10-16},
    originalyear ={Original Date: September 2016}
}