@online{ICMP,
    author    = "Srisuresh",
    title     = "ICMP Query Mapping",
    url       = "https://tools.ietf.org/html/rfc5508#section-3.1",
    keywords  = "ieft,rfc"
}
@online{Bittorrent,
    author    = "Things of Interest",
    title     = "How Bittorrent Works",
    url       = "https://qntm.org/bittorrent",
    keywords  = "bittorrent, peer-to-peer, file"
}
@online{MQTT,
    author    = "The HiveMQ Team",
    title     = "MQTT Essentials Part 2: Publish \& Subscribe",
    url       = "http://www.hivemq.com/blog/mqtt-essentials-part2-publish-subscribe",
    keywords  = "MQTT, publish, subscribe"
}
@online{MQTT2,
    author    = "Roger Light",
    title     = "mosquitto sub an MQTT version 3.1 client for subscribing to topics",
    url       = "https://mosquitto.org/man/mosquitto_sub-1.html",
    keywords  = "mosquitto sub, files"
}